<?xml version="1.0" encoding="UTF-8"?><record xmlns="http://www.loc.gov/MARC21/slim" xmlns:cinclude="http://apache.org/cocoon/include/1.0" xmlns:zs="http://www.loc.gov/zing/srw/">
  <leader>01414nz  a2200193n  4500</leader>
  <controlfield tag="001">n 2014058649</controlfield>
  <controlfield tag="003">DLC</controlfield>
  <controlfield tag="005">20140922185707.0</controlfield>
  <controlfield tag="008">140922n| azannaabn          |b ana      </controlfield>
  <datafield tag="010" ind1=" " ind2=" ">
    <subfield code="a">n 2014058649</subfield>
  </datafield>
  <datafield tag="040" ind1=" " ind2=" ">
    <subfield code="a">DLC</subfield>
    <subfield code="b">eng</subfield>
    <subfield code="c">DLC</subfield>
    <subfield code="e">rda</subfield>
  </datafield>
  <datafield tag="111" ind1="2" ind2=" ">
    <subfield code="a">Vserossiĭskai︠a︡ nauchno-prakticheskai︠a︡ konferent︠s︡ii︠a︡ "Problemy massovoĭ kommunikat︠s︡ii"</subfield>
    <subfield code="d">(2011 :</subfield>
    <subfield code="c">Voronezh, Russia)</subfield>
  </datafield>
  <datafield tag="370" ind1=" " ind2=" ">
    <subfield code="c">Russia, Federation</subfield>
  </datafield>
  <datafield tag="377" ind1=" " ind2=" ">
    <subfield code="a">rus</subfield>
  </datafield>
  <datafield tag="411" ind1="2" ind2=" ">
    <subfield code="a">Konferent︠s︡ii︠a︡ "Problemy massovoĭ kommunikat︠s︡ii", Vserossiĭskai︠a︡ nauchno-prakticheskai︠a︡</subfield>
    <subfield code="d">(2011 :</subfield>
    <subfield code="c">Voronezh, Russia)</subfield>
  </datafield>
  <datafield tag="411" ind1="2" ind2=" ">
    <subfield code="a">Всероссийская научно-практическая конференция "Проблемы массовой коммуникации"</subfield>
    <subfield code="d">(2011 :</subfield>
    <subfield code="c">Voronezh, Russia)</subfield>
  </datafield>
  <datafield tag="667" ind1=" " ind2=" ">
    <subfield code="a">See also related access points for individual instances of this conference, which include specific information about the number, date, or place of individual conferences.</subfield>
  </datafield>
  <datafield tag="667" ind1=" " ind2=" ">
    <subfield code="a">Non-Latin script reference not evaluated</subfield>
  </datafield>
  <datafield tag="670" ind1=" " ind2=" ">
    <subfield code="a">Kommunikat︠s︡ii︠a︡ v sovremennom mire, 2011:</subfield>
    <subfield code="b">t.p. (Всероссийская научно-практическая конференция "Проблемы массовой коммуникации" = Vserossiĭskai︠a︡ nauchno-prakticheskai︠a︡ konferent︠s︡ii︠a︡ "Problemy massovoĭ kommunikat︠s︡ii" ; held Oct. 27-28, 2011)</subfield>
  </datafield>
</record>